@inproceedings{Ganz:99:Trampolined,
  author = {Ganz, Steven E. and Friedman, Daniel P. and Wand, Mitchell},
  title = {Trampolined Style},
  year = {1999},
  isbn = {1581131119},
  publisher = {Association for Computing Machinery},
  address = {New York, NY, USA},
  url = {https://doi.org/10.1145/317636.317779},
  doi = {10.1145/317636.317779},
  booktitle = {Proceedings of the Fourth ACM SIGPLAN International Conference on Functional Programming},
  pages = {18–27},
  numpages = {10},
  location = {Paris, France},
  series = {ICFP ’99}
}

@inproceedings{Grebe:2017:RSD:3136040.3136048,
  author = {Grebe, Mark and Young, David and Gill, Andy},
  title = {Rewriting a Shallow DSL Using a GHC Compiler Extension},
  booktitle = {Proceedings of the 16th ACM SIGPLAN International Conference on Generative Programming: Concepts and Experiences},
  series = {GPCE 2017},
  year = {2017},
  isbn = {978-1-4503-5524-7},
  location = {Vancouver, BC, Canada},
  pages = {246--258},
  numpages = {13},
  doi = {10.1145/3136040.3136048},
  acmid = {3136048},
  publisher = {ACM},
  address = {New York, NY, USA},
  keywords = {Arduino, EDSL, GHC, Haskell, Transformations},
}

@inproceedings{Atkey:09:Unembedding,
  author = {Atkey, Robert and Lindley, Sam and Yallop, Jeremy},
  title = {Unembedding Domain-Specific Languages},
  year = {2009},
  isbn = {9781605585086},
  publisher = {Association for Computing Machinery},
  address = {New York, NY, USA},
  url = {https://doi.org/10.1145/1596638.1596644},
  doi = {10.1145/1596638.1596644},
  booktitle = {Proceedings of the 2nd ACM SIGPLAN Symposium on Haskell},
  pages = {37–48},
  numpages = {12},
  keywords = {higher-order abstract syntax, type classes, unembedding, domain-specific languages},
  location = {Edinburgh, Scotland},
  series = {Haskell ’09}
}

